@book{boyce_diprima,
  title={Equacões Diferenciais Elementares e Problemas de Valores de Contorno},
  author={William E. Boyce; Richard C. DiPrima},
  isbn={978521617563},
  year={2010},
  publisher={LTC}
}
@book{powers,
  title={Boundary Value Problems and Partial Differential Equations},
  author={David L. Powers},
  isbn={139780125637381},
  year={2006},
  publisher={Elsevier}
}
@book{burden_faires,
  title={Numerical Analysis},
  author={Richard L. Burden; J. Douglas Faires},
  isbn={139780538733519},
  year={2010},
  publisher={Brooks/Cole}
}
@book{reddy,
  title={An Introduction to the Finite Element Method},
  author={J. N. Reddy},
  isbn={0071244735},
  year={2006},
  publisher={McGraw Hill}
}
@misc{ita_ed,
  title={Resolução Numérica de Eq. Dif.},
  url={http://www.comp.ita.br/~pauloac/cci22/cap07_slides.pdf},
}
@misc{pvi_edo,
  title={Metodos Numericos para Eng. Quimica},
  url={http://www2.peq.coppe.ufrj.br/Pessoal/Professores/Arge/EQE358/Capitulo7-PVI_EDO.pdf},
}
